@misc{BI,
    author = "CORPORATIVA, IBERDROLA",
	title = {QUÉ ES BUSINESS INTELLIGENCE},
	url = {https://www.iberdrola.com/innovacion/que-es-business-intelligence},
	urldate = {2022-04-15},
	month = apr,
	year = 2022,
	howpublished = "\url{https://www.iberdrola.com/innovacion/que-es-business-intelligence}"
}

@misc{Data_Warehouse,
    author = "Mike A",
	title = {Data Warehouse: ¿Qué es y cómo utilizarlo?},
	url = {https://datascientest.com/es/data-warehouse-que-es-y-como-utilizarlo},
	urldate = {2022-04-15},
	month = apr,
	year = 2022,
	howpublished = "\url{https://datascientest.com/es/data-warehouse-que-es-y-como-utilizarlo}"
}

@misc{Data_Mart,
    author = "Conexión ESAN",
	title = {¿Qué es Data Mart y por qué es importante implementarlo en tu empresa?},
	url = {https://www.esan.edu.pe/conexion-esan/que-es-data-mart-y-por-que-es-importante-implementarlo-en-tu-empresa},
	urldate = {2022-04-15},
	month = apr,
	year = 2022,
	howpublished = "\url{https://www.esan.edu.pe/conexion-esan/que-es-data-mart-y-por-que-es-importante-implementarlo-en-tu-empresa}"
}

@misc{KPI,
    author = "-",
	title = {¿Qué es un KPI y para qué sirve?},
	url = {https://www.isdi.education/es/blog/que-es-un-kpi-y-para-que-sirve},
	urldate = {2022-04-17},
	month = apr,
	year = 2022,
	howpublished = "\url{https://www.isdi.education/es/blog/que-es-un-kpi-y-para-que-sirve}"
}

@misc{Diferencias_OLTP_OLAP,
    author = "-",
	title = {Diferencias entre {OLTP} y {OLAP}},
	url = {https://pc-solucion.es/2018/04/23/diferencias-entre-oltp-y-olap/#:~:text=OLAP%20es%20un%20sistema%20en,de%20base%20de%20datos%20online},
	abstract = {Anteriormente, hemos visto por separado en que consiste tanto OLTP como OLAP. En este post vamos a ver sus diferencias. OLTP y OLAP son los dos sistemas de tratamiento transacciones online. OLTP es un procesamiento transaccional mientras que OLAP es un sistema de procesamiento analítico. OLTP es un sistema que gestiona aplicaciones orientadas a transacciones en Internet, por ejemplo, ATM.},
	urldate = {2022-04-17},
	month = apr,
	year = 2022,
	howpublished = "\url{https://pc-solucion.es/2018/04/23/diferencias-entre-oltp-y-olap/#:~:text=OLAP%20es%20un%20sistema%20en,de%20base%20de%20datos%20online}"
}

@misc{Copo_nieve,
    author = "IBM",
	title = {Esquemas de copo de nieve},
	copyright = {© Copyright IBM Corporation 2010},
	url = {https://www.ibm.com/docs/es/ida/9.1.2?topic=schemas-snowflake},
	abstract = {IBM Documentation.},
	language = {es-ES},
	urldate = {2022-04-18},
	month = apr,
	year = 2022,
	howpublished = "\url{https://www.ibm.com/docs/es/ida/9.1.2?topic=schemas-snowflake}"
}


@misc{Estrella,
    author = "IBM",
	title = {Esquemas de estrella},
	copyright = {© Copyright IBM Corporation 2010},
	url = {https://www.ibm.com/docs/es/ida/9.1.2?topic=schemas-star},
	abstract = {IBM Documentation.},
	language = {es-ES},
	urldate = {2022-04-18},
	month = apr,
	year = 2022,
	howpublished = "\url{https://www.ibm.com/docs/es/ida/9.1.2?topic=schemas-star}"
}

@misc{Modern_Data_Stack,
    author = "The Metabase Team",
	title = {The Modern Data Stack},
	url = {https://www.metabase.com/blog/The-Modern-Data-Stack},
	urldate = {2022-04-20},
	month = apr,
	year = 2022,
	howpublished = "\url{https://www.metabase.com/blog/The-Modern-Data-Stack}"
}

@misc{Analytics_engineering,
    author = "CLAIRE CARROLL",
	title = {\emph{What is analytics engineering?}},
	url = {https://www.getdbt.com/what-is-analytics-engineering/},
	urldate = {2022-04-23},
	month = apr,
	year = 2022,
	howpublished = "\url{https://www.getdbt.com/what-is-analytics-engineering/}"
}

@misc{Analytics,
    author = "MILA PAGE",
	title = {Why does it exist?},
	url = {https://www.getdbt.com/analytics-engineering/why/},
	urldate = {2022-05-01},
	month = may,
	year = 2022,
	howpublished = "\url{https://www.getdbt.com/analytics-engineering/why/}"
}

@misc{Modern,
    author = "Hlynur Magnusson",
	title = {The Amazing Rise of the Old-school Modern Data Stack},
	url = {https://medium.com/globant/the-amazing-rise-of-the-old-school-modern-data-stack-d12f3f915c51},
	urldate = {2022-05-05},
	month = may,
	year = 2022,
	howpublished = "\url{https://medium.com/globant/the-amazing-rise-of-the-old-school-modern-data-stack-d12f3f915c51}"
}

@misc{ETL_ELT,
    author = "Max Beauchemin",
	title = {How The Modern Data Stack Is Reshaping Data Engineering},
	url = {https://preset.io/blog/reshaping-data-engineering/},
	urldate = {2022-05-05},
	month = may,
	year = 2022,
	howpublished = "\url{https://preset.io/blog/reshaping-data-engineering/}"
}

@misc{ETL_ELT_t,
    author = "John Kutay",
	title = {ETL vs ELT: Key Differences and Latest Trends},
	url = {https://www.striim.com/blog/etl-vs-elt-2/},
	urldate = {2022-05-05},
	month = may,
	year = 2022,
	howpublished = "\url{https://www.striim.com/blog/etl-vs-elt-2/}"
}

@misc{ETL,
    author = "-",
	title = {¿Qué son los procesos ETL?},
	url = {https://blog.powerdata.es/el-valor-de-la-gestion-de-datos/qu-son-los-procesos-etl},
	abstract = {Descubre qué son los procesos ETL y cuáles son sus principales aplicaciones. Toma nota de lo que sucede en cada una de sus fases.},
	language = {es-es},
	urldate = {2022-05-05},
	month = may,
	year = 2022,
	howpublished = "\url{https://blog.powerdata.es/el-valor-de-la-gestion-de-datos/qu-son-los-procesos-etl}"
}

@misc{ELT,
    author = "Emilio, Nuria",
	title = {¿Qué es ELT y cuáles son sus diferencias con ETL?},
	url = {https://blog.bismart.com/que-es-elt-diferencias-etl},
	abstract = {Descubre qué es ELT, la nueva tendencia del proceso ETL. Exponemos sus diferencias y cuál deberías elegir según las características de tu negocio.},
	language = {es},
	urldate = {2022-05-05},
	month = may,
	year = 2022,
	howpublished = "\url{https://blog.bismart.com/que-es-elt-diferencias-etl}"
}


@misc{GitHub,
    author = "Gustavo B.",
	title = {¿Qué es GitHub y Cómo Usarlo?},
	url = {https://www.hostinger.es/tutoriales/que-es-github},
	urldate = {2022-05-06},
	month = may,
	year = 2022,
	howpublished = "\url{https://www.hostinger.es/tutoriales/que-es-github}"
}

@misc{GitHub_Desktop,
    author = "-",
	title = {Comenzar con GitHub Desktop},
	url = {https://docs.github.com/es/desktop/installing-and-configuring-github-desktop/overview/getting-started-with-github-desktop},
	urldate = {2022-05-06},
	month = may,
	year = 2022,
	howpublished = "\url{https://docs.github.com/es/desktop/installing-and-configuring-github-desktop/overview/getting-started-with-github-desktop}"
}

@misc{Overleaf,
    author = "Wikipedia",
	title = {Overleaf},
	copyright = {Creative Commons Attribution-ShareAlike License},
	url = {https://en.wikipedia.org/wiki/Overleaf},
	language = {es},
	urldate = {2022-05-06},
	month = may,
	year = 2022,
	journal = {Wikipedia, la enciclopedia libre},
	howpublished = "\url{https://en.wikipedia.org/wiki/Overleaf}"
}

@misc{Latex,
    author = "Wikipedia",
	title = {LaTeX},
	copyright = {Creative Commons Attribution-ShareAlike License},
	url = {https://es.wikipedia.org/wiki/LaTeX},
	language = {es},
	urldate = {2022-05-06},
	month = may,
	year = 2022,
	journal = {Wikipedia, la enciclopedia libre},
	howpublished = "\url{https://es.wikipedia.org/wiki/LaTeX}"
}

@misc{Scrum,
    author = "Wikipedia",
	title = {Scrum (desarrollo de software)},
	copyright = {Creative Commons Attribution-ShareAlike License},
	url = {https://es.wikipedia.org/wiki/Scrum_(desarrollo_de_software)},
	language = {es},
	urldate = {2022-05-06},
	month = may,
	year = 2022,
	journal = {Wikipedia, la enciclopedia libre},
	howpublished = "\url{https://es.wikipedia.org/wiki/Scrum_(desarrollo_de_software)}"
}

@misc{MPBI,
    author = "Wikipedia",
	title = {Power BI},
	copyright = {Creative Commons Attribution-ShareAlike License},
	url = {https://es.wikipedia.org/wiki/Power_BI},
	language = {es},
	urldate = {2022-05-06},
	month = may,
	year = 2022,
	journal = {Wikipedia, la enciclopedia libre},
	howpublished = "\url{https://es.wikipedia.org/wiki/Power_BI}"
}

@misc{Snowflake,
    author = "Daniel Alcón",
	title = {¿Qué es Snowflake?},
	url = {https://www.paradigmadigital.com/dev/que-es-snowflake/},
	urldate = {2022-05-07},
	month = may,
	year = 2022,
	howpublished = "\url{https://www.paradigmadigital.com/dev/que-es-snowflake/}"
}

@misc{Zotero,
    author = "Librarian",
	title = {Zotero, gestor de referencias bibliográficas},
	url = {https://colaboratorio.net/librarian/program/2016/zotero-gestor-de-referencias-bibliograficas/},
	urldate = {2022-05-07},
	month = may,
	year = 2022,
	howpublished = "\url{https://colaboratorio.net/librarian/program/2016/zotero-gestor-de-referencias-bibliograficas/}"
}

@misc{ZenHub,
    author = "ZenHub",
	title = {Software para Kanban, ZenHub},
	url = {https://www.getapp.es/software/110953/zenhub#:~:text=ZenHub%20es%20una%20soluci%C3%B3n%20de,de%20creaci%C3%B3n%20de%20informes%20pr%C3%A1cticos.},
	urldate = {2022-05-07},
	month = may,
	year = 2022,
	howpublished = "\url{https://www.getapp.es/software/110953/zenhub#:~:text=ZenHub%20es%20una%20soluci%C3%B3n%20de,de%20creaci%C3%B3n%20de%20informes%20pr%C3%A1cticos.}"
}

@misc{Amazon,
    author = "Wikipedia",
	title = {Amazon S3
},
	copyright = {Creative Commons Attribution-ShareAlike License},
	url = {https://en.wikipedia.org/wiki/Amazon_S3},
	urldate = {2022-05-07},
	month = may,
	year = 2022,
	journal = {Wikipedia, la enciclopedia libre},
	howpublished = "\url{https://en.wikipedia.org/wiki/Amazon_S3}"
}

@misc{Fivetran,
    author = "Wikipedia",
	title = {Fivetran
},
	copyright = {Creative Commons Attribution-ShareAlike License},
	url = {https://en.wikipedia.org/wiki/Fivetran},
	urldate = {2022-05-07},
	month = may,
	year = 2022,
	journal = {Wikipedia, la enciclopedia libre},
	howpublished = "\url{https://en.wikipedia.org/wiki/Fivetran}"
}

@misc{Os,
    author = "Covantec",
	title = {Manipulación de archivos},
	url = {https://entrenamiento-python-basico.readthedocs.io/es/latest/leccion7/archivos.html#:~:text=El%20m%C3%B3dulo%20os%20de%20Python,%2C%20finalizar%20un%20proceso%2C%20etc.},
	urldate = {2022-05-07},
	month = may,
	year = 2022,
	howpublished = "\url{https://entrenamiento-python-basico.readthedocs.io/es/latest/leccion7/archivos.html#:~:text=El%20m%C3%B3dulo%20os%20de%20Python,%2C%20finalizar%20un%20proceso%2C%20etc.}"
}

@misc{requests,
    author = "Wikipedia",
	title = {Requests (software)
},
	copyright = {Creative Commons Attribution-ShareAlike License},
	url = {https://en.wikipedia.org/wiki/Requests_(software)},
	urldate = {2022-05-07},
	month = may,
	year = 2022,
	journal = {Wikipedia, la enciclopedia libre},
	howpublished = "\url{https://en.wikipedia.org/wiki/Requests_(software)}"
}

@misc{Boto3,
    author = "Unipython",
	title = {AWS SDK PARA PYTHON (BOTO3)},
	url = {https://unipython.com/aws-sdk-para-python-boto3/#:~:text=%C2%BFQu%C3%A9%20es%20Boto3%3F,manejar%20y%20configurar%20dichos%20servicios.},
	urldate = {2022-05-07},
	month = may,
	year = 2022,
	howpublished = "\url{https://unipython.com/aws-sdk-para-python-boto3/#:~:text=%C2%BFQu%C3%A9%20es%20Boto3%3F,manejar%20y%20configurar%20dichos%20servicios.}"
}

@misc{Python,
    author = "Santander",
	title = {Python: qué es y por qué deberías aprender a utilizarlo},
	url = {https://www.becas-santander.com/es/blog/python-que-es.html
},
	urldate = {2022-05-07},
	month = may,
	year = 2022,
	howpublished = "\url{https://www.becas-santander.com/es/blog/python-que-es.html
}"
}

@misc{dbt,
    author = "James Densmore",
	title = {dbt Core},
	url = {https://www.getdbt.com/product/what-is-dbt/},
	urldate = {2022-05-07},
	month = may,
	year = 2022,
	howpublished = "\url{https://www.getdbt.com/product/what-is-dbt/}"
}

@misc{TFG1,
    author = "Nadia Pérez Faúndez",
	title = {Análisis y visualización de datos abiertos de 
carácter informativo para el alumnado de la 
Universidad de Valladolid},
	url = {https://uvadoc.uva.es/bitstream/handle/10324/50024/TFG-G5203.pdf;jsessionid=D5CF3DB92740A350ACC059CFC4CE6809?sequence=1},
	urldate = {2022-03-11},
	month = mar,
	year = 2022,
	howpublished = "\url{https://uvadoc.uva.es/bitstream/handle/10324/50024/TFG-G5203.pdf;jsessionid=D5CF3DB92740A350ACC059CFC4CE6809?sequence=1}"
}

@misc{TFG2,
    author = "Uxue Ayechu Abendaño",
	title = {Aplicación de herramientas de Business 
Intelligence en datos del entorno de Salud
},
	url = {https://academica-e.unavarra.es/xmlui/bitstream/handle/2454/24611/TFG-Uxue%20Ayechu%20Abendano.pdf?sequence=1&isAllowed=y},
	urldate = {2022-03-11},
	month = mar,
	year = 2022,
	howpublished = "\url{https://academica-e.unavarra.es/xmlui/bitstream/handle/2454/24611/TFG-Uxue%20Ayechu%20Abendano.pdf?sequence=1&isAllowed=y}"
}

@misc{TFG3,
    author = "Javier López Navas",
	title = {Business Intelligence y el análisis 
predictivo: COVID 19},
	url = {https://academica-e.unavarra.es/xmlui/bitstream/handle/2454/39107/TFG%20-%20Javier%20L%c3%b3pez%20Navas.pdf?sequence=1&isAllowed=y},
	urldate = {2022-03-11},
	month = mar,
	year = 2022,
	howpublished = "\url{https://academica-e.unavarra.es/xmlui/bitstream/handle/2454/39107/TFG%20-%20Javier%20L%c3%b3pez%20Navas.pdf?sequence=1&isAllowed=y}"
}

@misc{google_cloud,
    author = "Wikipedia",
	title = {Google Cloud},
	copyright = {Creative Commons Attribution-ShareAlike License},
	url = {https://es.wikipedia.org/wiki/Google_Cloud},
	language = {es},
	urldate = {2022-06-06},
	month = jun,
	year = 2022,
	journal = {Wikipedia, la enciclopedia libre},
	howpublished = "\url{https://es.wikipedia.org/wiki/Google_Cloud}"
}

@misc{cloud_functions,
    author = "Devoteam G Cloud",
	title = {¿Qué es Google Cloud Functions y para qué sirve?},
	url = {https://gcloud.devoteam.com/es/blog/que-es-google-cloud-functions-y-para-que-sirve/},
	urldate = {2022-06-07},
	month = jun,
	year = 2022,
	howpublished = "\url{https://gcloud.devoteam.com/es/blog/que-es-google-cloud-functions-y-para-que-sirve/}"
}

@misc{cloud_scheduler,
    author = "Google Cloud",
	title = {Cloud Scheduler},
	url = {https://cloud.google.com/scheduler?hl=es-419},
	urldate = {2022-06-07},
	month = jun,
	year = 2022,
	howpublished = "\url{https://cloud.google.com/scheduler?hl=es-419}"
}

@misc{pub/sub,
    author = "Google Cloud",
	title = {¿Qué es Pub/Sub?},
	url = {https://cloud.google.com/pubsub/docs/overview?hl=es-419},
	urldate = {2022-06-07},
	month = jun,
	year = 2022,
	howpublished = "\url{https://cloud.google.com/pubsub/docs/overview?hl=es-419}"
}

@misc{tabla_hechos,
    author = "Wikipedia",
	title = {Google Cloud},
	copyright = {Creative Commons Attribution-ShareAlike License},
	url = {https://es.wikipedia.org/wiki/Tabla_de_hechos},
	language = {es},
	urldate = {2022-06-10},
	month = jun,
	year = 2022,
	journal = {Wikipedia, la enciclopedia libre},
	howpublished = "\url{https://es.wikipedia.org/wiki/Tabla_de_hechos}"
}
@misc{tabla_dimensiones,
    author = "Wikipedia",
	title = {Google Cloud},
	copyright = {Creative Commons Attribution-ShareAlike License},
	url = {https://es.wikipedia.org/wiki/Tabla_de_dimensi%C3%B3n},
	language = {es},
	urldate = {2022-06-10},
	month = jun,
	year = 2022,
	journal = {Wikipedia, la enciclopedia libre},
	howpublished = "\url{https://es.wikipedia.org/wiki/Tabla_de_dimensi%C3%B3n}"
}

@misc{data_lake,
    author = "Google Cloud",
	title = {¿Qué es un data lake?},
	url = {https://cloud.google.com/learn/what-is-a-data-lake?hl=es-419},
	urldate = {2022-06-07},
	month = jun,
	year = 2022,
	howpublished = "\url{https://cloud.google.com/learn/what-is-a-data-lake?hl=es-419}"
}