@book{koza92,
		author    = "Koza, John R.",
		title     = "Genetic Programming: On the Programming of Computers by Means of Natural Selection",
		publisher = "MIT Press",
		year      = "1992"
}


@misc{ wiki:latex,
       author = "Wikipedia",
       title = "LaTeX --- Wikipedia{,} La enciclopedia libre",
       year = "2015",
       url = "https://es.wikipedia.org/w/index.php?title=LaTeX&oldid=84209252",
       note = "[Internet; descargado 30-septiembre-2015]"
}

@misc{cotizar,
    author = "Ministerio de Inclusión, Seguridad Social y Migraciones",
	title = {¿Cuánto se debe cotizar?},
	copyright = {Copyright © Seguridad Social 2022.},
	url = {https://www.seg-social.es/wps/portal/wss/internet/Trabajadores/CotizacionRecaudacionTrabajadores/10721/10728/1315/1317},
	urldate = {2022-06-13},
	month = jun,
	year = 2022,
	howpublished = "\url{https://www.seg-social.es/wps/portal/wss/internet/Trabajadores/CotizacionRecaudacionTrabajadores/10721/10728/1315/1317}"
}

@misc{Modern_Data_Stack,
    author = "The Metabase Team",
	title = {The Modern Data Stack},
	url = {https://www.metabase.com/blog/The-Modern-Data-Stack},
	urldate = {2022-04-20},
	month = apr,
	year = 2022,
	howpublished = "\url{https://www.metabase.com/blog/The-Modern-Data-Stack}"
}

@misc{ELT,
    author = "Emilio, Nuria",
	title = {¿Qué es ELT y cuáles son sus diferencias con ETL?},
	url = {https://blog.bismart.com/que-es-elt-diferencias-etl},
	abstract = {Descubre qué es ELT, la nueva tendencia del proceso ETL. Exponemos sus diferencias y cuál deberías elegir según las características de tu negocio.},
	language = {es},
	urldate = {2022-05-05},
	month = may,
	year = 2022,
	howpublished = "\url{https://blog.bismart.com/que-es-elt-diferencias-etl}"
}

@misc{Modern,
    author = "Hlynur Magnusson",
	title = {The Amazing Rise of the Old-school Modern Data Stack},
	url = {https://medium.com/globant/the-amazing-rise-of-the-old-school-modern-data-stack-d12f3f915c51},
	urldate = {2022-05-05},
	month = may,
	year = 2022,
	howpublished = "\url{https://medium.com/globant/the-amazing-rise-of-the-old-school-modern-data-stack-d12f3f915c51}"
}

@misc{google_cloud,
    author = "Wikipedia",
	title = {Google Cloud},
	copyright = {Creative Commons Attribution-ShareAlike License},
	url = {https://es.wikipedia.org/wiki/Google_Cloud},
	language = {es},
	urldate = {2022-06-06},
	month = jun,
	year = 2022,
	journal = {Wikipedia, la enciclopedia libre},
	howpublished = "\url{https://es.wikipedia.org/wiki/Google_Cloud}"
}

@misc{cloud_functions,
    author = "Devoteam G Cloud",
	title = {¿Qué es Google Cloud Functions y para qué sirve?},
	url = {https://gcloud.devoteam.com/es/blog/que-es-google-cloud-functions-y-para-que-sirve/},
	urldate = {2022-06-07},
	month = jun,
	year = 2022,
	howpublished = "\url{https://gcloud.devoteam.com/es/blog/que-es-google-cloud-functions-y-para-que-sirve/}"
}

@misc{cloud_scheduler,
    author = "Google Cloud",
	title = {Cloud Scheduler},
	url = {https://cloud.google.com/scheduler?hl=es-419},
	urldate = {2022-06-07},
	month = jun,
	year = 2022,
	howpublished = "\url{https://cloud.google.com/scheduler?hl=es-419}"
}

@misc{pub/sub,
    author = "Google Cloud",
	title = {¿Qué es Pub/Sub?},
	url = {https://cloud.google.com/pubsub/docs/overview?hl=es-419},
	urldate = {2022-06-07},
	month = jun,
	year = 2022,
	howpublished = "\url{https://cloud.google.com/pubsub/docs/overview?hl=es-419}"
}

@misc{Amazon,
    author = "Wikipedia",
	title = {Amazon S3
},
	copyright = {Creative Commons Attribution-ShareAlike License},
	url = {https://en.wikipedia.org/wiki/Amazon_S3},
	urldate = {2022-05-07},
	month = may,
	year = 2022,
	journal = {Wikipedia, la enciclopedia libre},
	howpublished = "\url{https://en.wikipedia.org/wiki/Amazon_S3}"
}

@misc{Fivetran,
    author = "Wikipedia",
	title = {Fivetran
},
	copyright = {Creative Commons Attribution-ShareAlike License},
	url = {https://en.wikipedia.org/wiki/Fivetran},
	urldate = {2022-05-07},
	month = may,
	year = 2022,
	journal = {Wikipedia, la enciclopedia libre},
	howpublished = "\url{https://en.wikipedia.org/wiki/Fivetran}"
}

@misc{Snowflake,
    author = "Daniel Alcón",
	title = {¿Qué es Snowflake?},
	url = {https://www.paradigmadigital.com/dev/que-es-snowflake/},
	urldate = {2022-05-07},
	month = may,
	year = 2022,
	howpublished = "\url{https://www.paradigmadigital.com/dev/que-es-snowflake/}"
}

@misc{dbt,
    author = "James Densmore",
	title = {dbt Core},
	url = {https://www.getdbt.com/product/what-is-dbt/},
	urldate = {2022-05-07},
	month = may,
	year = 2022,
	howpublished = "\url{https://www.getdbt.com/product/what-is-dbt/}"
}

@misc{MPBI,
    author = "Wikipedia",
	title = {Power BI},
	copyright = {Creative Commons Attribution-ShareAlike License},
	url = {https://es.wikipedia.org/wiki/Power_BI},
	language = {es},
	urldate = {2022-05-06},
	month = may,
	year = 2022,
	journal = {Wikipedia, la enciclopedia libre},
	howpublished = "\url{https://es.wikipedia.org/wiki/Power_BI}"
}

@misc{Python,
    author = "Santander",
	title = {Python: qué es y por qué deberías aprender a utilizarlo},
	url = {https://www.becas-santander.com/es/blog/python-que-es.html
},
	urldate = {2022-05-07},
	month = may,
	year = 2022,
	howpublished = "\url{https://www.becas-santander.com/es/blog/python-que-es.html
}"
}